<record><leader>00000cas a22000007a 4500</leader><controlfield tag="001">22485347</controlfield><controlfield tag="008">901010d18851885couwr ne      0    0eng d</controlfield><datafield ind1=" " ind2=" " tag="010"><subfield code="a">sn 90051763 </subfield></datafield><datafield ind1=" " ind2=" " tag="040"><subfield code="a">CNQ</subfield><subfield code="b">eng</subfield><subfield code="c">CNQ</subfield><subfield code="d">OCLCQ</subfield></datafield><datafield ind1=" " ind2=" " tag="042"><subfield code="a">msc</subfield></datafield><datafield ind1="0" ind2="4" tag="245"><subfield code="a">The Silverton democrat-herald.</subfield></datafield><datafield ind1=" " ind2=" " tag="260"><subfield code="a">Silverton, Colo. :</subfield><subfield code="b">Gill &amp; Condict</subfield></datafield><datafield ind1=" " ind2=" " tag="300"><subfield code="a">v.</subfield></datafield><datafield ind1=" " ind2=" " tag="310"><subfield code="a">Weekly</subfield></datafield><datafield ind1="0" ind2=" " tag="362"><subfield code="a">Vol. 2, no. 52 (Apr. 18, 1885)-v. 3, no. 28 (Oct. 31, 1885) = v. 4, no. 45-v. 5, no. 26.</subfield></datafield><datafield ind1=" " ind2=" " tag="752"><subfield code="a">United States</subfield><subfield code="b">Colorado</subfield><subfield code="c">San Juan</subfield><subfield code="d">Silverton.</subfield></datafield><datafield ind1="0" ind2="0" tag="780"><subfield code="t">Democrat-herald (Silverton, Colo.)</subfield><subfield code="w">(DLC)sn 90051762</subfield></datafield><datafield ind1="0" ind2="0" tag="785"><subfield code="t">Silverton democrat (Silverton, Colo. : 1885)</subfield><subfield code="w">(DLC)sn 90051764</subfield></datafield><datafield ind1="1" ind2=" " tag="029"><subfield code="a">AU@</subfield><subfield code="b">000025853680</subfield></datafield></record>